<record><leader>00000cas a22000007a 4500</leader><controlfield tag="001">22884290</controlfield><controlfield tag="008">901221d19841987mnuwr ne      0    0eng d</controlfield><datafield ind1=" " ind2=" " tag="010"><subfield code="a">sn 90057454 </subfield></datafield><datafield ind1=" " ind2=" " tag="040"><subfield code="a">MN#</subfield><subfield code="b">eng</subfield><subfield code="c">MN#</subfield><subfield code="d">OCLCQ</subfield><subfield code="d">OCLCF</subfield><subfield code="d">OCLCO</subfield></datafield><datafield ind1=" " ind2=" " tag="042"><subfield code="a">msc</subfield></datafield><datafield ind1=" " ind2=" " tag="043"><subfield code="a">n-us-mn</subfield></datafield><datafield ind1=" " ind2=" " tag="052"><subfield code="a">4144</subfield><subfield code="b">A62</subfield></datafield><datafield ind1=" " ind2=" " tag="052"><subfield code="a">4143</subfield><subfield code="b">D3</subfield></datafield><datafield ind1="0" ind2=" " tag="130"><subfield code="a">Thisweek newspapers (Burnsville, Minn. : Apple Valley ed.)</subfield></datafield><datafield ind1="1" ind2="0" tag="245"><subfield code="a">Thisweek newspapers.</subfield></datafield><datafield ind1="1" ind2="3" tag="246"><subfield code="a">Apple Valley thisweek</subfield></datafield><datafield ind1=" " ind2=" " tag="260"><subfield code="a">Burnsville, MN :</subfield><subfield code="b">Joseph R. Clay and Daniel H. Clay,</subfield><subfield code="c">-1987.</subfield></datafield><datafield ind1=" " ind2=" " tag="300"><subfield code="a">v.</subfield></datafield><datafield ind1=" " ind2=" " tag="310"><subfield code="a">Weekly</subfield></datafield><datafield ind1="1" ind2=" " tag="362"><subfield code="a">Began July 16 or July 23, 1984.</subfield></datafield><datafield ind1="0" ind2=" " tag="362"><subfield code="a">-v. 8, no. 34 (Oct. 19, 1987).</subfield></datafield><datafield ind1=" " ind2=" " tag="530"><subfield code="a">Available on microfilm from the Minnesota Historical Society.</subfield></datafield><datafield ind1=" " ind2=" " tag="588"><subfield code="a">Description based on: Vol. 6, no. 21 (July 23, 1984).</subfield></datafield><datafield ind1=" " ind2="0" tag="651"><subfield code="a">Apple Valley (Minn.)</subfield><subfield code="v">Newspapers.</subfield></datafield><datafield ind1=" " ind2="7" tag="655"><subfield code="a">Newspapers.</subfield><subfield code="2">fast</subfield><subfield code="0">(OCoLC)fst01423814</subfield></datafield><datafield ind1=" " ind2="7" tag="651"><subfield code="a">Minnesota</subfield><subfield code="z">Apple Valley.</subfield><subfield code="2">fast</subfield><subfield code="0">(OCoLC)fst01220217</subfield></datafield><datafield ind1=" " ind2=" " tag="752"><subfield code="a">United States</subfield><subfield code="b">Minnesota</subfield><subfield code="c">Dakota</subfield><subfield code="d">Apple Valley.</subfield></datafield><datafield ind1="0" ind2="0" tag="780"><subfield code="t">Thisweek news (Aplle Valley, Minn.)</subfield><subfield code="w">(DLC)sn 90057497</subfield></datafield><datafield ind1="0" ind2="0" tag="785"><subfield code="t">Apple Valley thisweek</subfield><subfield code="w">(DLC)sn 90057455</subfield></datafield></record>